@misc{rch,
	title={Acute otitis media},
	author={Royal Children's Hospital of Melbourne},
	url={https://www.rch.org.au/clinicalguide/guideline_index/Acute_otitis_media/},
	journal={The Royal Children's Hospital Melbourne}
}
@misc{mja, title={Otitis media: viruses, bacteria, biofilms and vaccines}, url={https://www.mja.com.au/journal/2009/191/9/otitis-media-viruses-bacteria-biofilms-and-vaccines}, journal={The Medical Journal of Australia}, author={Massa, Helen M and Cripps, Allan W and Lehmann, Deborah}, year={2009}, month={Nov}} }
@misc{margolis,
  title={Tympanometry: Basic Principles and Clinical Applications. IN: Musiek FE, Rintelmann WF.(Eds.) Contemporary Perspectives in Hearing Assessment},
  author={Margolis, RH and Hunter, LL},
  year={1999},
  publisher={Allyn \& Bacon (Boston)}
}
@article{grais,
  title={Analysing wideband absorbance immittance in normal and ears with otitis media with effusion using machine learning},
  author={Grais, Emad M and Wang, Xiaoya and Wang, Jie and Zhao, Fei and Jiang, Wen and Cai, Yuexin and Zhang, Lifang and Lin, Qingwen and Yang, Haidi},
  journal={Scientific Reports},
  volume={11},
  number={1},
  pages={1--12},
  year={2021},
  publisher={Nature Publishing Group}
}