@article{arrieta2020explainable,
  title={Explainable Artificial Intelligence (XAI): Concepts, taxonomies, opportunities and challenges toward responsible AI},
  author={Arrieta, Alejandro Barredo and D{\'\i}az-Rodr{\'\i}guez, Natalia and Del Ser, Javier and Bennetot, Adrien and Tabik, Siham and Barbado, Alberto and Garc{\'\i}a, Salvador and Gil-L{\'o}pez, Sergio and Molina, Daniel and Benjamins, Richard and others},
  journal={Information Fusion},
  volume={58},
  pages={82--115},
  year={2020},
  publisher={Elsevier}
}
@inproceedings{ribeiro2016should,
  title={" Why should i trust you?" Explaining the predictions of any classifier},
  author={Ribeiro, Marco Tulio and Singh, Sameer and Guestrin, Carlos},
  booktitle={Proceedings of the 22nd ACM SIGKDD international conference on knowledge discovery and data mining},
  pages={1135--1144},
  year={2016}
}
@inproceedings{chander2018working,
  title={Working with beliefs: AI transparency in the enterprise},
  author={Chander, Ajay and Srinivasan, Ramya and Chelian, Suhas and Wang, Jun and Uchino, Kanji},
  booktitle={IUI Workshops},
  year={2018}
}
@article{strumbelj2010efficient,
  title={An efficient explanation of individual classifications using game theory},
  author={Strumbelj, Erik and Kononenko, Igor},
  journal={The Journal of Machine Learning Research},
  volume={11},
  pages={1--18},
  year={2010},
  publisher={JMLR. org}
}
@article{groce2013you,
  title={You are the only possible oracle: Effective test selection for end users of interactive machine learning systems},
  author={Groce, Alex and Kulesza, Todd and Zhang, Chaoqiang and Shamasunder, Shalini and Burnett, Margaret and Wong, Weng-Keen and Stumpf, Simone and Das, Shubhomoy and Shinsel, Amber and Bice, Forrest and others},
  journal={IEEE Transactions on Software Engineering},
  volume={40},
  number={3},
  pages={307--323},
  year={2013},
  publisher={IEEE}
}
@article{vstrumbelj2009explaining,
  title={Explaining instance classifications with interactions of subsets of feature values},
  author={{\v{S}}trumbelj, Erik and Kononenko, Igor and {\v{S}}ikonja, M Robnik},
  journal={Data \& Knowledge Engineering},
  volume={68},
  number={10},
  pages={886--904},
  year={2009},
  publisher={Elsevier}
}
@misc{shapely1953value,
  title={A value for n-person games. Contributions to the theory of games},
  author={Shapely, LS},
  journal={Annals of mathematics studies (2)},
  pages={307--318},
  year={1953},
  publisher={Princeton University Press Princeton}
}
@article{kim2015ibcm,
  title={iBCM: Interactive Bayesian case model empowering humans via intuitive interaction},
  author={Kim, Been and Glassman, Elena and Johnson, Brittney and Shah, Julie},
  year={2015}
}
